%% This BibTeX bibliography file was created using BibDesk.
%% http://bibdesk.sourceforge.net/

%% Created for Lin Chen at 2019-10-26 21:48:46 -0400 


%% Saved with string encoding Unicode (UTF-8) 


@comment{jabref-meta: databaseType:bibtex;}



@article{sason2016f,
	Author = {Sason, Igal and Verd{\'u}, Sergio},
	Journal = {IEEE Transactions on Information Theory},
	Number = {11},
	Pages = {5973--6006},
	Publisher = {IEEE},
	Title = {$ f $-divergence Inequalities},
	Volume = {62},
	Year = {2016}}

@inproceedings{scholkopf2001kernel,
	Author = {Sch{\"o}lkopf, Bernhard},
	Booktitle = {NeurIPS},
	Pages = {301--307},
	Title = {The kernel trick for distances},
	Year = {2001}}

@article{cicalese2017bounds,
	Author = {Cicalese, Ferdinando and Gargano, Luisa and Vaccaro, Ugo},
	Journal = {IEEE Transactions on Information Theory},
	Number = {4},
	Pages = {2220--2230},
	Publisher = {IEEE},
	Title = {Bounds on the entropy of a function of a random variable and their applications},
	Volume = {64},
	Year = {2017}}

@inproceedings{zhang2016low,
	Author = {Zhang, Jiuyang Alan and Kurkoski, Brian M},
	Booktitle = {ISITA},
	Organization = {IEEE},
	Pages = {448--452},
	Title = {Low-complexity quantization of discrete memoryless channels},
	Year = {2016}}

@inproceedings{bhaskara2018distributed,
	Author = {Bhaskara, Aditya and Wijewardena, Maheshakya},
	Booktitle = {ICML},
	Pages = {569--578},
	Title = {Distributed Clustering via LSH Based Data Partitioning},
	Year = {2018}}

@article{bateni2019categorical,
	Author = {Bateni, MohammadHossein and Chen, Lin and Esfandiari, Hossein and Fu, Thomas and Mirrokni, Vahab S and Rostamizadeh, Afshin},
	Journal = {ICML},
	Title = {Categorical Feature Compression via Submodular Optimization},
	Year = {2019}}

@inproceedings{sakai2014suboptimal,
	Author = {Sakai, Yuta and Iwata, Ken-ichi},
	Booktitle = {ISIT},
	Organization = {IEEE},
	Pages = {120--124},
	Title = {Suboptimal quantizer design for outputs of discrete memoryless channels with a finite-input alphabet},
	Year = {2014}}

@article{dhillon2003divisive,
	Author = {Dhillon, Inderjit S and Mallela, Subramanyam and Kumar, Rahul},
	Journal = {JMLR},
	Number = {Mar},
	Pages = {1265--1287},
	Title = {A divisive information-theoretic feature clustering algorithm for text classification},
	Volume = {3},
	Year = {2003}}

@article{jeffreys1946invariant,
	Author = {Jeffreys, Harold},
	Journal = {Proc. R. Soc. Lond. A},
	Number = {1007},
	Pages = {453--461},
	Publisher = {The Royal Society},
	Title = {An invariant form for the prior probability in estimation problems},
	Volume = {186},
	Year = {1946}}

@article{vedaldi2012efficient,
	Author = {Vedaldi, Andrea and Zisserman, Andrew},
	Journal = {IEEE transactions on pattern analysis and machine intelligence},
	Number = {3},
	Pages = {480--492},
	Publisher = {IEEE},
	Title = {Efficient additive kernels via explicit feature maps},
	Volume = {34},
	Year = {2012}}

@inproceedings{shrivastava2014asymmetric,
	Author = {Shrivastava, Anshumali and Li, Ping},
	Booktitle = {NeurIPS},
	Date-Modified = {2019-10-26 21:48:27 -0400},
	Pages = {2321--2329},
	Title = {Asymmetric LSH (ALSH) for sublinear time maximum inner product search (MIPS)},
	Year = {2014}}

@inproceedings{abdullah2016sketching,
	Author = {Abdullah, Amirali and Kumar, Ravi and McGregor, Andrew and Vassilvitskii, Sergei and Venkatasubramanian, Suresh},
	Booktitle = {AISTATS},
	Pages = {948--956},
	Title = {Sketching, Embedding and Dimensionality Reduction in Information Theoretic Spaces},
	Year = {2016}}

@inproceedings{neyshabur2015symmetric,
	Author = {Neyshabur, Behnam and Srebro, Nathan},
	Booktitle = {ICML},
	Pages = {1926--1934},
	Title = {On Symmetric and Asymmetric LSHs for Inner Product Search},
	Year = {2015}}

@inproceedings{yan2018norm,
	Author = {Yan, Xiao and Li, Jinfeng and Dai, Xinyan and Chen, Hongzhi and Cheng, James},
	Booktitle = {NeurIPS},
	Pages = {2952--2961},
	Title = {Norm-Ranging LSH for Maximum Inner Product Search},
	Year = {2018}}

@inproceedings{chaudhuri2008finding,
	Author = {Chaudhuri, Kamalika and McGregor, Andrew},
	Booktitle = {COLT},
	Pages = {10},
	Title = {Finding Metric Structure in Information Theoretic Clustering.},
	Volume = {8},
	Year = {2008}}

@book{bishop2006pattern,
	Author = {Bishop, Christopher M},
	Publisher = {springer},
	Title = {Pattern recognition and machine learning},
	Year = {2006}}

@book{cover2012elements,
	Author = {Cover, Thomas M and Thomas, Joy A},
	Publisher = {John Wiley \& Sons},
	Title = {Elements of information theory},
	Year = {2012}}

@article{topsoe2000some,
	Author = {Topsoe, Flemming},
	Journal = {IEEE Transactions on information theory},
	Number = {4},
	Pages = {1602--1609},
	Publisher = {IEEE},
	Title = {Some inequalities for information divergence and related measures of discrimination},
	Volume = {46},
	Year = {2000}}

@article{csiszar1964informationstheoretische,
	Author = {Csisz{\'a}r, Imre},
	Journal = {Publ. Math. Inst. Hungar. Acad.},
	Pages = {95--108},
	Title = {Eine informationstheoretische ungleichung und ihre anwendung auf beweis der ergodizitaet von markoffschen ketten},
	Volume = {8},
	Year = {1963}}

@article{ali1966general,
	Author = {Ali, Syed Mumtaz and Silvey, Samuel D},
	Journal = {Journal of the Royal Statistical Society. Series B (Methodological)},
	Pages = {131--142},
	Publisher = {JSTOR},
	Title = {A general class of coefficients of divergence of one distribution from another},
	Year = {1966}}

@article{lin1991divergence,
	Author = {Lin, Jianhua},
	Journal = {IEEE Transactions on Information theory},
	Number = {1},
	Pages = {145--151},
	Publisher = {IEEE},
	Title = {Divergence measures based on the Shannon entropy},
	Volume = {37},
	Year = {1991}}

@inproceedings{datar2004locality,
	Author = {Datar, Mayur and Immorlica, Nicole and Indyk, Piotr and Mirrokni, Vahab S},
	Booktitle = {SoCG},
	Organization = {ACM},
	Pages = {253--262},
	Title = {Locality-sensitive hashing scheme based on p-stable distributions},
	Year = {2004}}

@article{gorisse2012locality,
	Author = {Gorisse, David and Cord, Matthieu and Precioso, Frederic},
	Journal = {IEEE transactions on pattern analysis and machine intelligence},
	Number = {2},
	Pages = {402--409},
	Publisher = {IEEE},
	Title = {Locality-sensitive hashing for chi2 distance},
	Volume = {34},
	Year = {2012}}

@inproceedings{mao2017s2jsd,
	Author = {Mao, Xianling and Feng, Bo-Si and Hao, Yi-Jing and Nie, Liqiang and Huang, Heyan and Wen, Guihua},
	Booktitle = {AAAI},
	Pages = {3244--3251},
	Title = {S2JSD-LSH: A Locality-Sensitive Hashing Schema for Probability Distributions.},
	Year = {2017}}

@article{wang2014hashing,
	Author = {Wang, Jingdong and Shen, Heng Tao and Song, Jingkuan and Ji, Jianqiu},
	Journal = {arXiv preprint arXiv:1408.2927},
	Title = {Hashing for similarity search: A survey},
	Year = {2014}}

@inproceedings{indyk1998approximate,
	Author = {Indyk, Piotr and Motwani, Rajeev},
	Booktitle = {STOC},
	Organization = {ACM},
	Pages = {604--613},
	Title = {Approximate nearest neighbors: towards removing the curse of dimensionality},
	Year = {1998}}

@inproceedings{broder1997resemblance,
	Author = {Broder, Andrei Z},
	Booktitle = {SEQUENCES},
	Organization = {IEEE},
	Pages = {21--29},
	Title = {On the resemblance and containment of documents},
	Year = {1997}}

@inproceedings{charikar2002similarity,
	Author = {Charikar, Moses S},
	Booktitle = {STOC},
	Organization = {ACM},
	Pages = {380--388},
	Title = {Similarity estimation techniques from rounding algorithms},
	Year = {2002}}

@article{wang2018survey,
	Author = {Wang, Jingdong and Zhang, Ting and Sebe, Nicu and Shen, Heng Tao and others},
	Journal = {IEEE transactions on pattern analysis and machine intelligence},
	Number = {4},
	Pages = {769--790},
	Publisher = {IEEE},
	Title = {A survey on learning to hash},
	Volume = {40},
	Year = {2018}}

@inproceedings{ong2004learning,
	Author = {Ong, Cheng Soon and Mary, Xavier and Canu, St{\'e}phane and Smola, Alexander J},
	Booktitle = {ICML},
	Organization = {ACM},
	Pages = {81},
	Title = {Learning with non-positive kernels},
	Year = {2004}}

@inproceedings{li2014coding,
	Author = {Li, Ping and Mitzenmacher, Michael and Shrivastava, Anshumali},
	Booktitle = {ICML},
	Pages = {676--684},
	Title = {Coding for random projections},
	Year = {2014}}

@inproceedings{terasawa2007spherical,
	Author = {Terasawa, Kengo and Tanaka, Yuzuru},
	Booktitle = {Workshop on Algorithms and Data Structures},
	Organization = {Springer},
	Pages = {27--38},
	Title = {Spherical lsh for approximate nearest neighbor search on unit hypersphere},
	Year = {2007}}

@inproceedings{mu2010non,
	Author = {Mu, Yadong and Yan, Shuicheng},
	Booktitle = {AAAI},
	Pages = {539--544},
	Title = {Non-Metric Locality-Sensitive Hashing.},
	Year = {2010}}

@inproceedings{yagnik2011power,
	Author = {Yagnik, Jay and Strelow, Dennis and Ross, David A and Lin, Ruei-sung},
	Booktitle = {ICCV},
	Organization = {IEEE},
	Pages = {2431--2438},
	Title = {The power of comparative reasoning},
	Year = {2011}}

@article{kartowsky2018greedy,
	Author = {Kartowsky, Assaf and Tal, Ido},
	Journal = {IEEE Transactions on Information Theory},
	Number = {2},
	Pages = {917--934},
	Publisher = {IEEE},
	Title = {Greedy-Merge Degrading has Optimal Power-Law},
	Volume = {65},
	Year = {2018}}

@article{xiao2017/online,
	Author = {Xiao, Han and Rasul, Kashif and Vollgraf, Roland},
	Journal = {arXiv preprint arXiv:1708.07747},
	Title = {Fashion-mnist: a novel image dataset for benchmarking machine learning algorithms},
	Year = {2017}}

@article{lecun1998gradient,
	Author = {LeCun, Yann and Bottou, L{\'e}on and Bengio, Yoshua and Haffner, Patrick},
	Journal = {Proceedings of the IEEE},
	Number = {11},
	Pages = {2278--2324},
	Publisher = {IEEE},
	Title = {Gradient-based learning applied to document recognition},
	Volume = {86},
	Year = {1998}}

@techreport{krizhevsky2009learning,
	Author = {Krizhevsky, Alex and Hinton, Geoffrey},
	Institution = {Citeseer},
	Title = {Learning multiple layers of features from tiny images},
	Year = {2009}}

@book{le2012asymptotic,
	Author = {Le Cam, Lucien},
	Publisher = {Springer Science \& Business Media},
	Title = {Asymptotic methods in statistical decision theory},
	Year = {2012}}

@incollection{vincze1981concept,
	Author = {Vincze, Istv{\'a}n},
	Booktitle = {Contributions to Probability},
	Pages = {207--214},
	Publisher = {Elsevier},
	Title = {On the concept and measure of information contained in an observation},
	Year = {1981}}

@book{bochner1959lectures,
	Author = {Bochner, S. and Tenenbaum, M. and Pollard, H.},
	Publisher = {Princeton University Press},
	Series = {Annals of mathematics studies},
	Title = {Lectures on Fourier Integrals},
	Year = {1959}}

@inproceedings{abdullah2012approximate,
	Author = {Abdullah, Amirali and Moeller, John and Venkatasubramanian, Suresh},
	Booktitle = {SoCG},
	Organization = {ACM},
	Pages = {31--40},
	Title = {Approximate Bregman near neighbors in sublinear time: Beyond the triangle inequality},
	Year = {2012}}

@inproceedings{abdullah2015directed,
	Author = {Abdullah, Amirali and Venkatasubramanian, Suresh},
	Booktitle = {STOC},
	Organization = {ACM},
	Pages = {509--518},
	Title = {A directed isoperimetric inequality with application to bregman near neighbor lower bounds},
	Year = {2015}}

@inproceedings{abdelkader2019approximate,
	Author = {Abdelkader, Ahmed and Arya, Sunil and da Fonseca, Guilherme D and Mount, David M},
	Booktitle = {SODA},
	Organization = {SIAM},
	Pages = {355--372},
	Title = {Approximate nearest neighbor searching with non-Euclidean and weighted distances},
	Year = {2019}}

@inproceedings{daskalakis2017square,
	Author = {Daskalakis, Constantinos and Pan, Qinxuan},
	Booktitle = {COLT},
	Pages = {697--703},
	Title = {Square Hellinger Subadditivity for Bayesian Networks and its Applications to Identity Testing},
	Year = {2017}}
